@misc{fgleaderboards,
  author = {Fangraphs Baseball},
  title = {Major League Leaderboards - 2022 - Pitching},
  year = {2023},
}

@misc{fginjurydata,
  author = {Fangraphs Baseball},
  title = {2022 Injury Report - Roster Resource},
  year = {2023},
}

@misc{fgstuffplus,
  author = {Fangraphs Baseball},
  title = {Stuff+, Location+, and Pitching+ Primer},
  year = {2023},
}

@article{injurieslogreg,
    author = {Austin R Brown and Marie Do},
    title = {Predicting Multiple Injuries to Major League Baseball Pitchers: A Logistic Regression Analysis over the 2009 â€“ 2019 Regular Seasons},
    journal = {Research In Sports Medicine},
    year = {2021}
}

@book{thearm,
    author = {Jeff Passan},
    title = {The Arm: Inside the Billion-Dollar Mystery of the Most Valuable Commodity in Sports},
    publisher = {HarperCollins Publishers},
    year = {2017}
}

@article{ortho,
    author = {Erickson et al},
    title = {Predicting and Preventing Injury
in Major League Baseball},
    journal = {The American Journal of Orthopedics},
    year = {2016}
}